%% This BibTeX bibliography file was created using BibDesk.
%% http://bibdesk.sourceforge.net/

%% Created for Cha√Øm De Mulder at 2019-12-13 22:02:52 +0100 


%% Saved with string encoding Unicode (UTF-8) 



@article{JervesCobo2020,
	Author = {Ruben Fernando Jerves-Cobo and L. Benedetti and Y. Amerlinck and K. Lock and \textbf{C. De Mulder} and J. {Van Butsel} and F. Cisneros and P. Goethals and I. Nopens},
	Date-Added = {2019-12-13 21:57:40 +0100},
	Date-Modified = {2019-12-13 22:02:52 +0100},
	Journal = {Science of the Total Environment},
	Keywords = {Ecuador, integreted ecological modelling, urban water management, RWQM1, Generalized linear models},
	Title = {Integrated ecological modelling for evidence-based determination of water management interventions in urbanized river basins: case study in the Cuence River basin (Ecuador)}}

@inproceedings{DeMulder2018wwc,
	Address = {Tokyo, Japan},
	Author = {\textbf{De Mulder, C.} and Y. Amerlinck and Usman Rehman and T. Flameling and S. Weijers and I. Nopens},
	Booktitle = {Proceedings of the 2018 World Water Conference},
	Date-Added = {2019-06-16 10:28:23 +0200},
	Date-Modified = {2019-06-16 10:31:59 +0200},
	Title = {Exploring the impact of a Compartmental Model for hydrodynamic description in a plant-wide model},
	Year = {2018}}

@inproceedings{DeMulder2019watermatex,
	Author = {\textbf{De Mulder, C.} and Usman Rehman and T. Flameling and S. Weijers and Y. Amerlinck and I. Nopens},
	Booktitle = {Proceedings of the 12$^{th}$ IWA Symposium on Modeling and Integrated Assessment},
	Date-Added = {2019-06-16 10:25:03 +0200},
	Date-Modified = {2019-06-16 10:26:37 +0200},
	Organization = {IWA},
	Title = {Plant-wide optimization through dynamic compartmental modelling and analysis of limiting processes},
	Year = {2019}}

@inproceedings{DeMulder2018wrrmod,
	Address = {Qu\'ebec, Canada},
	Author = {\textbf{De Mulder, C.} and Usman Rehman and T. Flameling and S. Weijers and Y. Amerlinck and I. Nopens},
	Booktitle = {Proceedings of the 6$^{th}$ {IWA/WEF} {R}esource {R}ecovery {M}odelling {S}eminar},
	Date-Added = {2019-06-16 10:20:02 +0200},
	Date-Modified = {2019-06-16 10:32:18 +0200},
	Organization = {IWA},
	Title = {Compartmental Modeling in a plant-wide context: exploration and potential},
	Year = {2018}}

@article{DeMulder2019,
	Author = {\textbf{De Mulder, C.} and Usman Rehman and S. Weijers and Y. Amerlinck and I. Nopens},
	Date-Added = {2019-06-16 10:02:26 +0200},
	Date-Modified = {2019-08-14 09:46:58 +0200},
	Journal = {{Water Science and Technology}},
	Title = {Compartmental Modelling of Water and Resource Recovery Facilities opens the way to improved operation},
	Year = {2019, submitted}}

@article{Vandekerckhove2019b,
	Author = {Vandekerckhove, Tom G.L. and Kerckhof, Frederiek-Maarten and \textbf{De Mulder, C.} and Vlaeminck, Siegfried E. and Boon, Nico},
	Date-Added = {2019-03-21 11:47:50 +0100},
	Date-Modified = {2019-06-16 10:01:21 +0200},
	Journal = {Water Research},
	Keywords = {Biological nitrogen removal, Substrate affinity, Archaea},
	Pages = {34 - 45},
	Title = {Determining stoichiometry and kinetics of two thermophilic nitrifying communities as a crucial step in the development of thermophilic nitrogen removal},
	Volume = {156},
	Year = {2019},
	Bdsk-Url-1 = {http://www.sciencedirect.com/science/article/pii/S0043135419302192},
	Bdsk-Url-2 = {https://doi.org/10.1016/j.watres.2019.03.008}}

@inproceedings{Seuntjens2017,
	Address = {Vienna, Austria},
	Author = {Seuntjens, D. and Carvajal Arroyo, J.M. Maria and Bunse, P. and \textbf{De Mulder, C.} and Agrawal, S. and Boon, N. and Lackner, S. and Vlaeminck, S.E.},
	Booktitle = {Proceedings of the 5$^{th}$ International conference on Nitrification and Related Processes},
	Date-Added = {2019-03-08 16:51:55 +0100},
	Date-Modified = {2019-03-28 10:09:37 +0100},
	Keywords = {nitrification, kinetic parameters, stoichiometry, thermophilic, Nitrogen removal},
	Title = {High-resolution kinetics of anammox inhibition and recovery from oxygen exposure},
	Year = {2017}}

@inproceedings{Vandekerckhove2017,
	Address = {Vienna, Austria},
	Author = {Vandekerckhove, Tom G.L. and Bod\'e, S. and \textbf{De Mulder, C.} and Boon, N. and Vlaeminck, S.E.},
	Booktitle = {Proceedings of the 5$^{th}$ International conference on Nitrification and Related Processes},
	Date-Added = {2019-03-08 10:21:47 +0100},
	Date-Modified = {2019-03-21 11:51:22 +0100},
	Title = {Characterizing stoichiometry and kinetics of two thermophilic nitrification communities: a crucial step in the development of thermophilic biotechnology for nitrogen removal},
	Year = {2017}}

@manual{wwdata010,
	Author = {\textbf{De Mulder, C.}},
	Date-Added = {2019-03-08 10:10:06 +0100},
	Date-Modified = {2019-03-08 16:08:25 +0100},
	Doi = {10.5281/zenodo.1035738},
	Keywords = {data analysis, gap filling},
	Title = {wwdata v0.1.0: Data analysis package aimed at data obtained in the context of (waste)water},
	Url = {https://github.com/UGentBiomath/wwdata},
	Year = {2017},
	Bdsk-Url-1 = {http://dx.doi.org/10.5281/zenodo.1035739},
	Bdsk-Url-2 = {http://dx.doi.org/10.5281/zenodo.1035738}}

@manual{wwdata020,
	Author = {\textbf{De Mulder, C.}},
	Date-Added = {2019-03-08 10:10:06 +0100},
	Date-Modified = {2019-03-08 16:08:29 +0100},
	Doi = {10.5281/zenodo.1288581},
	Keywords = {data analysis, gap filling},
	Title = {wwdata v0.2.0: Data analysis package aimed at data obtained in the context of (waste)water},
	Url = {https://github.com/UGentBiomath/wwdata},
	Year = {2018},
	Bdsk-Url-1 = {http://dx.doi.org/10.5281/zenodo.1035739},
	Bdsk-Url-2 = {http://dx.doi.org/10.5281/zenodo.1288581}}

@inproceedings{DeMulder2016wwtmod,
	Address = {Annecy, France},
	Author = {\textbf{De Mulder, C.} and Balemans, S. and Jimenez, J. and Regmi, P. and De Clippeleir, H. and Valverde-Perez, B. and Bott, C. and Miller, M. and Klaus, S. and Nopens, I.},
	Booktitle = {Proceedings of the 5$^{th}$ {IWA/WEF} {W}astewater {T}reatement {M}odelling {S}eminar},
	Date-Added = {2019-03-08 10:04:59 +0100},
	Date-Modified = {2019-03-08 16:51:39 +0100},
	Keywords = {wastewater treatment modeling, resource recovery, A/B process, A-stage},
	Publisher = {Water Environment Federation ({WEF}); International Water Association ({IWA})},
	Title = {Workshop on modelling of two-stage {WWT} systems: a faster road towards resource recovery},
	Year = {2016}}

@inproceedings{Demulder2017ywpbenelux,
	Address = {Ghent, Belgium},
	Author = {\textbf{De Mulder, C.} and Flameling, T. and Langeveld, J. and Amerlinck, Y. and Weijers, S. and Nopens, I.},
	Booktitle = {5th IWA BeNeLux Young Water Professionals Conference},
	Date-Added = {2019-03-08 09:58:50 +0100},
	Date-Modified = {2019-03-08 16:07:21 +0100},
	Keywords = {data analysis, gap filling, python package},
	Title = {Automating the raw data to model input process: an open Python{\texttrademark} package},
	Type = {inproceedings},
	Year = {2017},
	Bdsk-File-1 = {YnBsaXN0MDDSAQIDBFxyZWxhdGl2ZVBhdGhZYWxpYXNEYXRhXxBELi4vLi4vLi4vV29yay9DT04vMjAxNy0wNS0yMV9GSUNXVE0vRklDV1RNMjAxN19EZU11bGRlcl9leHRlbmRlZC5wZGZPEQHeAAAAAAHeAAIAAAxNYWNpbnRvc2ggSEQAAAAAAAAAAAAAAAAAAAAAAAAAQkQAAf////8fRklDV1RNMjAxN19EZU11bGRlI0ZGRkZGRkZGLnBkZgAAAAAAAAAAAAAAAAAAAAAAAAAAAAAAAAAAAAAAAAAA/////wAAAAAAAAAAAAAAAAADAAQAAAogY3UAAAAAAAAAAAAAAAAAETIwMTctMDUtMjFfRklDV1RNAAACAFsvOlVzZXJzOmNoYWltZGVtdWxkZXI6RG9jdW1lbnRzOldvcms6Q09OOjIwMTctMDUtMjFfRklDV1RNOkZJQ1dUTTIwMTdfRGVNdWxkZXJfZXh0ZW5kZWQucGRmAAAOAEIAIABGAEkAQwBXAFQATQAyADAAMQA3AF8ARABlAE0AdQBsAGQAZQByAF8AZQB4AHQAZQBuAGQAZQBkAC4AcABkAGYADwAaAAwATQBhAGMAaQBuAHQAbwBzAGgAIABIAEQAEgBZVXNlcnMvY2hhaW1kZW11bGRlci9Eb2N1bWVudHMvV29yay9DT04vMjAxNy0wNS0yMV9GSUNXVE0vRklDV1RNMjAxN19EZU11bGRlcl9leHRlbmRlZC5wZGYAABMAAS8AABUAAgAU//8AAAAIAA0AGgAkAGsAAAAAAAACAQAAAAAAAAAFAAAAAAAAAAAAAAAAAAACTQ==}}

@article{Vandekerckhove2018,
	Author = {Vandekerckhove, Tom G.L. and \textbf{De Mulder, C.} and Boon, N. and Vlaeminck, S.E.},
	Date-Added = {2019-03-08 09:54:58 +0100},
	Date-Modified = {2019-03-21 11:51:22 +0100},
	Journal = {Bioresource Technology},
	Keywords = {nitrogen removal, thermophilic, temperature, settling, kinetic parameters},
	Pages = {104 -- 112},
	Title = {Temperature impact on sludge yield, settleability and kinetics of three heterotrophic conversions corroborates the prospect of thermophilic biological nitrogen removal},
	Volume = {269},
	Year = {2018},
	Bdsk-Url-1 = {https://biblio.ugent.be/publication/8579081}}

@article{Porro2018,
	Author = {Porro, J. and \textbf{De Mulder, C.} and Amerlinck, Y. and Torfs, E. and Balemans, S. and Weijers, S. and Nopens, I. and Rodriguez-Roda, I. and Comas, J.},
	Date-Added = {2019-03-07 23:26:13 +0100},
	Date-Modified = {2019-03-08 16:07:33 +0100},
	Journal = {Proceedings of the Water Environment Federation},
	Number = {10},
	Pages = {4025 -- 4028},
	Title = {Building an integrated AI and mathmatical modeling framework for online supervision and control of water resource recovery facilities},
	Volume = {2018},
	Year = {2018}}

@article{Vandekerckhove2019,
	Abstract = {Current methods determining biomass yield require sophisticated sensors for in-situ measurements or multiple steady-state reactor runs. Determining the yield of specific groups of organisms in mixed cultures in a fast and easy manner remains challenging. This study describes a fast method to estimate the maximum biomass yield (Ymax), based on 13C incorporation during activity measurements. It was applied to mixed cultures containing ammonia oxidizing bacteria (AOB) or archaea (AOA) and nitrite oxidizing bacteria (NOB), grown under mesophilic (15-28$\,^{\circ}$C) and thermophilic (50$\,^{\circ}$C) conditions. Using this method, no distinction could be made between AOB and AOA co-existing in a community. A slight overestimation of the nitrifier biomass due to 13C redirection via SMP to heterotrophs could occur, meaning that this method determines the carbon fixation activity of the autotrophic microorganisms rather than the actual nitrifier biomass yield. Thermophilic AOA yields exceeded mesophilic AOB yields (0.22 vs. 0.06-0.11 g VSS g-1 N), possibly linked to a more efficient pathway for CO2 incorporation. NOB thermophilically produced less biomass (0.025-0.028 vs. 0.048-0.051 g VSS g-1 N), conceivably attributed to higher maintenance requirement, rendering less energy available for biomass synthesis. Interestingly, thermophilic nitrification yield was higher than its mesophilic counterpart, due to the dominance of AOA over AOB at higher temperatures. An instant temperature increase impacted the mesophilic AOB yield, corroborating the effect of maintenance requirement on production capacity. Model simulations of two realistic nitrification/denitrification plants were robust towards changing nitrifier yield in predicting effluent ammonium concentrations, whereas sludge composition was impacted. Summarized, a fast, precise and easily executable method was developed determining Ymax of ammonia and nitrite oxidizers in mixed communities.},
	Author = {Vandekerckhove, Tom G.L. and Bod\'e, S. and \textbf{De Mulder, C.} and Vlaeminck, S. E. and Boon, N.},
	Date-Added = {2019-02-13 09:28:39 +0100},
	Date-Modified = {2019-03-21 11:51:41 +0100},
	Doi = {10.3389/fmicb.2019.00192},
	Journal = {Frontiers in Microbiology},
	Pages = {192},
	Title = {13C Incorporation as a Tool to Estimate Biomass Yields in Thermophilic and Mesophilic Nitrifying Communities},
	Volume = {10},
	Year = {2019},
	Bdsk-Url-1 = {https://www.frontiersin.org/article/10.3389/fmicb.2019.00192},
	Bdsk-Url-2 = {https://doi.org/10.3389/fmicb.2019.00192}}

@article{Bellandi2019,
	Author = {G. Bellandi and \textbf{De Mulder, C.} and I. Nopens},
	Date-Added = {2019-01-07 18:27:01 +0100},
	Date-Modified = {2019-03-28 10:22:30 +0100},
	Journal = {{Water Science and Technology}},
	Number = {1},
	Pages = {73--83},
	Title = {Tanks in series versus compartmental model configuration: Considering hydrodynamics helps in parameter estimation for an N2O model},
	Volume = {79},
	Year = {2019}}

@article{Demulder2018,
	Author = {\textbf{De Mulder, C.} and T. Flameling and S. Weijers and Y. Amerlinck and I. Nopens},
	Date-Added = {2018-07-10 12:37:40 +0000},
	Date-Modified = {2019-03-08 16:50:42 +0100},
	Doi = {10.1016/j.envsoft.2018.05.015},
	Journal = {{Environmental Modelling \& Software}},
	Keywords = {Data analysis, Data imputation, Online data},
	Pages = {186 - 198},
	Title = {An open software package for data reconciliation and gap filling in preparation of Water and Resource Recovery Facility Modeling},
	Volume = {107},
	Year = {2018},
	Bdsk-Url-1 = {http://www.sciencedirect.com/science/article/pii/S136481521731143X},
	Bdsk-Url-2 = {https://doi.org/10.1016/j.envsoft.2018.05.015}}

@article{Seuntjens2018,
	Author = {Seuntjens, D. and Han, M. and Kerckhof, F-M. and Boon and Al-Omari, A. and Takacs, I. and Meerburg, F. and \textbf{De Mulder, C.} and Wett, B. and Bott, C. and Murthy, S. and Carvajal Arroyo, J.M. and De Clippeleir, H. and Vlaeminck, S.E.},
	Date-Added = {2018-03-26 08:06:41 +0000},
	Date-Modified = {2019-03-08 16:08:01 +0100},
	Journal = {Water Research},
	Keywords = {AOB, NOB, anammox, PN/A},
	Pages = {37-46},
	Title = {Pinpointing wastewater and process parameters controlling the {AOB} to {NOB} activity ratio in sewage treatment plants},
	Volume = {138},
	Year = {2018},
	Bdsk-File-1 = {YnBsaXN0MDDSAQIDBFxyZWxhdGl2ZVBhdGhZYWxpYXNEYXRhXxB4Li4vLi4vLi4vV29yay9MaXRlcmF0dXJlL1dXVC9BbmFtbW94Ok4tcmVtb3ZhbC9TZXVudGplbnMgMjAxOCBXUiBBT0IgdG8gTk9CIHJhdGlvIGNvbnRyb2wgaW4gQnJlZGEgYW5kIFdhc2hpbmd0b24gREMucGRmTxECmAAAAAACmAACAAAMTWFjaW50b3NoIEhEAAAAAAAAAAAAAAAAAAAAAAAAAEJEAAH/////H1NldW50amVucyAyMDE4IFdSICNGRkZGRkZGRi5wZGYAAAAAAAAAAAAAAAAAAAAAAAAAAAAAAAAAAAAAAAAAAP////8AAAAAAAAAAAAAAAAAAwAFAAAKIGN1AAAAAAAAAAAAAAAAABFBbmFtbW94L04tcmVtb3ZhbAAAAgCPLzpVc2VyczpjaGFpbWRlbXVsZGVyOkRvY3VtZW50czpXb3JrOkxpdGVyYXR1cmU6V1dUOkFuYW1tb3gvTi1yZW1vdmFsOlNldW50amVucyAyMDE4IFdSIEFPQiB0byBOT0IgcmF0aW8gY29udHJvbCBpbiBCcmVkYSBhbmQgV2FzaGluZ3RvbiBEQy5wZGYAAA4AlABJAFMAZQB1AG4AdABqAGUAbgBzACAAMgAwADEAOAAgAFcAUgAgAEEATwBCACAAdABvACAATgBPAEIAIAByAGEAdABpAG8AIABjAG8AbgB0AHIAbwBsACAAaQBuACAAQgByAGUAZABhACAAYQBuAGQAIABXAGEAcwBoAGkAbgBnAHQAbwBuACAARABDAC4AcABkAGYADwAaAAwATQBhAGMAaQBuAHQAbwBzAGgAIABIAEQAEgCNVXNlcnMvY2hhaW1kZW11bGRlci9Eb2N1bWVudHMvV29yay9MaXRlcmF0dXJlL1dXVC9BbmFtbW94Ok4tcmVtb3ZhbC9TZXVudGplbnMgMjAxOCBXUiBBT0IgdG8gTk9CIHJhdGlvIGNvbnRyb2wgaW4gQnJlZGEgYW5kIFdhc2hpbmd0b24gREMucGRmAAATAAEvAAAVAAIAFP//AAAACAANABoAJACfAAAAAAAAAgEAAAAAAAAABQAAAAAAAAAAAAAAAAAAAzs=}}

@inproceedings{Demulder2017nrrlwwtp,
	Address = {Chongqing, China},
	Author = {\textbf{De Mulder, C.} and Flameling, T. and Langeveld, J. and Weijers, S. and Nopens, I. and Amerlinck, Y.},
	Booktitle = {{Proceedings of the IWA 2017 Conference on Sustainable Wastewater Treatment and Resource Recovery: Research, Planning, Design and Operation}},
	Date-Added = {2017-10-02 07:51:43 +0000},
	Date-Modified = {2019-03-08 16:08:30 +0100},
	Title = {From online data to model input: a flexible open source data analysis tool},
	Year = {2017}}

@inproceedings{Demulder2017ica,
	Address = {Qu{\'e}bec, Canada},
	Author = {\textbf{De Mulder, C.} and Rehman, U. and Audenaert, W. and Amerlinck, Y. and Flameling, T. and Weijers, S. and Nopens, I.},
	Booktitle = {Proceedings of the 12$^{th}$ IWA Specialized Conference on Instrumentation, Control and Automation},
	Date-Added = {2017-07-14 08:46:40 +0000},
	Date-Modified = {2019-03-08 16:07:12 +0100},
	Title = {Sensor location in {WRRF}s: easy change, big win},
	Year = {2017},
	Bdsk-Url-1 = {https://www.researchgate.net/publication/317662589_Sensor_location_in_WRRFs_easy_change_big_win}}

@inproceedings{Demulder2017ficwtm,
	Address = {Palermo, Italy},
	Author = {\textbf{De Mulder, C.} and Flameling, T. and Langeveld, J. and Amerlinck, Y. and Weijers, S. and Nopens, I.},
	Booktitle = {Lecture notes in civil engineering},
	Date-Added = {2017-07-14 08:41:33 +0000},
	Date-Modified = {2019-03-08 16:07:07 +0100},
	Editor = {Giorgio Mannina},
	Keywords = {data analysis, gap filling, python package},
	Pages = {92--97},
	Title = {Automating the raw data to model input process using flexible open source tools},
	Volume = {4},
	Year = {2017},
	Bdsk-File-1 = {YnBsaXN0MDDSAQIDBFxyZWxhdGl2ZVBhdGhZYWxpYXNEYXRhXxBELi4vLi4vLi4vV29yay9DT04vMjAxNy0wNS0yMV9GSUNXVE0vRklDV1RNMjAxN19EZU11bGRlcl9leHRlbmRlZC5wZGZPEQHeAAAAAAHeAAIAAAxNYWNpbnRvc2ggSEQAAAAAAAAAAAAAAAAAAAAAAAAAQkQAAf////8fRklDV1RNMjAxN19EZU11bGRlI0ZGRkZGRkZGLnBkZgAAAAAAAAAAAAAAAAAAAAAAAAAAAAAAAAAAAAAAAAAA/////wAAAAAAAAAAAAAAAAADAAQAAAogY3UAAAAAAAAAAAAAAAAAETIwMTctMDUtMjFfRklDV1RNAAACAFsvOlVzZXJzOmNoYWltZGVtdWxkZXI6RG9jdW1lbnRzOldvcms6Q09OOjIwMTctMDUtMjFfRklDV1RNOkZJQ1dUTTIwMTdfRGVNdWxkZXJfZXh0ZW5kZWQucGRmAAAOAEIAIABGAEkAQwBXAFQATQAyADAAMQA3AF8ARABlAE0AdQBsAGQAZQByAF8AZQB4AHQAZQBuAGQAZQBkAC4AcABkAGYADwAaAAwATQBhAGMAaQBuAHQAbwBzAGgAIABIAEQAEgBZVXNlcnMvY2hhaW1kZW11bGRlci9Eb2N1bWVudHMvV29yay9DT04vMjAxNy0wNS0yMV9GSUNXVE0vRklDV1RNMjAxN19EZU11bGRlcl9leHRlbmRlZC5wZGYAABMAAS8AABUAAgAU//8AAAAIAA0AGgAkAGsAAAAAAAACAQAAAAAAAAAFAAAAAAAAAAAAAAAAAAACTQ==}}

@article{DeMulder2016,
	Author = {\textbf{De Mulder, C.} and Van Hoey, S. and Van Hulle, S. and Agathos, S.N. and Cauwenberg, P. and Mergen, P. and Seuntjens, P. and Smets, I. and De Gueldre, G. and Mouton, A. and Schowanek, D. and Meesschaert, B. and Verstraete, W. and Nopens, I.},
	Date-Added = {2017-01-02 14:23:09 +0000},
	Date-Modified = {2019-03-08 16:48:04 +0100},
	Journal = {Sustainability of Water Quality and Ecology},
	Keywords = {legislation, education, informatics, industry, water sector},
	Pages = {32--36},
	Title = {Pressing topics in the {B}elgian water sector anno 2015},
	Volume = {7},
	Year = {2016},
	Bdsk-File-1 = {YnBsaXN0MDDSAQIDBFxyZWxhdGl2ZVBhdGhZYWxpYXNEYXRhXxBbLi4vLi4vLi4vRGVza3RvcC9Eb2N0b3JhYXQvUGFwZXJzLzIwMTVfQklXQU5vY3R1cm5hbFBhcGVyLzEtczIuMC1TMjIxMjYxMzkxNjMwMDIwNC1tYWluLnBkZk8RAlYAAAAAAlYAAgAAE1NTRCBTYW1zdW5nIDg1MCBQcm8AAAAAAAAAANDokWxIKwAAAKmctx8xLXMyLjAtUzIyMTI2MTM5MTYzIzFDNjlGOUEucGRmAAAAAAAAAAAAAAAAAAAAAAAAAAAAAAAAAAAAAAAAAAABxp+a0zvK1QAAAAAAAAAAAAMABQAACSAAAAAAAAAAAAAAAAAAAAAXMjAxNV9CSVdBTm9jdHVybmFsUGFwZXIAABAACAAA0OiDXAAAABEACAAA0zuutQAAAAEAGACpnLcADduuAA3a6wANeokADXpcAAAAMgACAH5TU0QgU2Ftc3VuZyA4NTAgUHJvOlVzZXJzOgBjaGFpbWRlbXVsZGVyOgBEZXNrdG9wOgBEb2N0b3JhYXQ6AFBhcGVyczoAMjAxNV9CSVdBTm9jdHVybmFsUGFwZXI6ADEtczIuMC1TMjIxMjYxMzkxNjMjMUM2OUY5QS5wZGYADgBEACEAMQAtAHMAMgAuADAALQBTADIAMgAxADIANgAxADMAOQAxADYAMwAwADAAMgAwADQALQBtAGEAaQBuAC4AcABkAGYADwAoABMAUwBTAEQAIABTAGEAbQBzAHUAbgBnACAAOAA1ADAAIABQAHIAbwASAGZVc2Vycy9jaGFpbWRlbXVsZGVyL0Rlc2t0b3AvRG9jdG9yYWF0L1BhcGVycy8yMDE1X0JJV0FOb2N0dXJuYWxQYXBlci8xLXMyLjAtUzIyMTI2MTM5MTYzMDAyMDQtbWFpbi5wZGYAEwABLwAAFQACABT//wAAAAgADQAaACQAggAAAAAAAAIBAAAAAAAAAAUAAAAAAAAAAAAAAAAAAALc}}

@article{Seuntjens2016,
	Author = {Seuntjens, D. and Bundervoet, B.L.M. and Mollen, H. and \textbf{De Mulder, C.} and Wypkema, E. and Verliefde, A. and Nopens, I. and Colsen, J.G.M. and Vlaeminck, S.E.},
	Date-Added = {2016-02-21 15:03:47 +0000},
	Date-Modified = {2019-03-08 16:07:52 +0100},
	Journal = {Water Science and Technology},
	Number = {9},
	Pages = {2150 - 2158},
	Title = {Energy efficient treatment of {A}-stage effluent: pilot-scale experiences with shortcut nitrogen removal},
	Volume = {73},
	Year = {2016}}

@mastersthesis{DeMulder2014,
	Address = {Coupure Links 653, 9000 Gent},
	Author = {\textbf{C. De Mulder}},
	Date-Added = {2015-04-27 15:14:19 +0000},
	Date-Modified = {2018-06-13 14:24:21 +0000},
	Keywords = {AOB, NOB, Monod kinetics, kinetic parameters},
	School = {Ghent University},
	Title = {The impact of intrinsic and extrinsic parameters on the oxygen kinetic parameters of Ammonia and Nitrite Oxidising Bacteria},
	Year = {2014},
	Bdsk-File-1 = {YnBsaXN0MDDSAQIDBFxyZWxhdGl2ZVBhdGhZYWxpYXNEYXRhXxA4Li4vLi4vLi4vRGVza3RvcC9UaGVzaXMvVGVrc3QvTVNjVGhlc2lzQ2hhaW1EZU11bGRlci5wZGZPEQHuAAAAAAHuAAIAABNTU0QgU2Ftc3VuZyA4NTAgUHJvAAAAAAAAAADQ6JFsSCsAAAAODHAaTVNjVGhlc2lzQ2hhaW1EZU11bGRlci5wZGYAAAAAAAAAAAAAAAAAAAAAAAAAAAAAAAAAAAAAAAAAAAAAAAAAAA4UGs8elsQAAAAAAAAAAAADAAQAAAkgAAAAAAAAAAAAAAAAAAAABVRla3N0AAAQAAgAANDog1wAAAARAAgAAM8eiLQAAAABABQADgxwAA3a7AANeokADXpcAAAAMgACAFxTU0QgU2Ftc3VuZyA4NTAgUHJvOlVzZXJzOgBjaGFpbWRlbXVsZGVyOgBEZXNrdG9wOgBUaGVzaXM6AFRla3N0OgBNU2NUaGVzaXNDaGFpbURlTXVsZGVyLnBkZgAOADYAGgBNAFMAYwBUAGgAZQBzAGkAcwBDAGgAYQBpAG0ARABlAE0AdQBsAGQAZQByAC4AcABkAGYADwAoABMAUwBTAEQAIABTAGEAbQBzAHUAbgBnACAAOAA1ADAAIABQAHIAbwASAENVc2Vycy9jaGFpbWRlbXVsZGVyL0Rlc2t0b3AvVGhlc2lzL1Rla3N0L01TY1RoZXNpc0NoYWltRGVNdWxkZXIucGRmAAATAAEvAAAVAAIAFP//AAAACAANABoAJABfAAAAAAAAAgEAAAAAAAAABQAAAAAAAAAAAAAAAAAAAlE=}}

@inproceedings{Rehman2015b,
	Address = {Gold Coast, Queensland, Australia},
	Author = {Rehman, U. and Amerlinck, Y. and Arnaldos, M. and Porro, J. and \textbf{De Mulder, C.} and Nopens, I.},
	Booktitle = {Watermatex, 9$^{th}$ IWA Symposium on system analysis and integrated water management},
	Date-Added = {2015-04-27 15:14:19 +0000},
	Date-Modified = {2019-03-08 16:07:40 +0100},
	Month = {June},
	Organization = {IWA},
	Title = {Computational fluid dynamic modeling of nitrous oxide in a full scale {WWTP}},
	Year = {2015}}

@inproceedings{Seuntjens2014,
	Address = {Ghent, Belgium},
	Author = {Seuntjens, D. and \textbf{De Mulder, C.} and De Clippeleir, H. and Murthy, S. and Li, Z. and Chandran, K. and Nopens, I. and Vlaeminck, S.E.},
	Booktitle = {ENC, 19$^{th}$ European Nitrogen Cycle Conference, Abstracts},
	Date-Added = {2015-04-27 15:14:19 +0000},
	Date-Modified = {2019-03-08 16:07:46 +0100},
	Month = {September},
	Title = {Investigating {AOB} and {NOB} kinetic parameters for oxygen under moderate climate wastewater conditions},
	Year = {2014},
	Bdsk-File-1 = {YnBsaXN0MDDSAQIDBFxyZWxhdGl2ZVBhdGhZYWxpYXNEYXRhXxB8Li4vLi4vLi4vRGVza3RvcC9Eb2N0b3JhYXQvTGl0ZXJhdHVyZS9XV1QvQW5hbW1veDpOLXJlbW92YWwvQWJzdHJhY3QgbWFpbnN0cmVhbSBraW5ldGljc19OaXRyb2dlbiBDeWNsZSBjb25mIEdoZW50LWZpbmFsLnBkZk8RArgAAAAAArgAAgAAE1NTRCBTYW1zdW5nIDg1MCBQcm8AAAAAAAAAANDokWxIKwAAAA4JpB9BYnN0cmFjdCBtYWluc3RyZWFtIGsjRTA5REUucGRmAAAAAAAAAAAAAAAAAAAAAAAAAAAAAAAAAAAAAAAAAAAADgne0Fh05lBERiBNU1dEAAMABgAACSAAAAAAAAAAAAAAAAAAAAARQW5hbW1veC9OLXJlbW92YWwAABAACAAA0OiDXAAAABEACAAA0FhYxgAAAAEAHAAOCaQADgjDAA3brQAN2usADXqJAA16XAAAADIAAgCBU1NEIFNhbXN1bmcgODUwIFBybzpVc2VyczoAY2hhaW1kZW11bGRlcjoARGVza3RvcDoARG9jdG9yYWF0OgBMaXRlcmF0dXJlOgBXV1Q6AEFuYW1tb3gvTi1yZW1vdmFsOgBBYnN0cmFjdCBtYWluc3RyZWFtIGsjRTA5REUucGRmAAAOAIIAQABBAGIAcwB0AHIAYQBjAHQAIABtAGEAaQBuAHMAdAByAGUAYQBtACAAawBpAG4AZQB0AGkAYwBzAF8ATgBpAHQAcgBvAGcAZQBuACAAQwB5AGMAbABlACAAYwBvAG4AZgAgAEcAaABlAG4AdAAtAGYAaQBuAGEAbAAuAHAAZABmAA8AKAATAFMAUwBEACAAUwBhAG0AcwB1AG4AZwAgADgANQAwACAAUAByAG8AEgCHVXNlcnMvY2hhaW1kZW11bGRlci9EZXNrdG9wL0RvY3RvcmFhdC9MaXRlcmF0dXJlL1dXVC9BbmFtbW94Ok4tcmVtb3ZhbC9BYnN0cmFjdCBtYWluc3RyZWFtIGtpbmV0aWNzX05pdHJvZ2VuIEN5Y2xlIGNvbmYgR2hlbnQtZmluYWwucGRmAAATAAEvAAAVAAIAFP//AAAACAANABoAJACjAAAAAAAAAgEAAAAAAAAABQAAAAAAAAAAAAAAAAAAA18=}}
