%% This BibTeX bibliography file was created using BibDesk.
%% http://bibdesk.sourceforge.net/

%% Created for Cha√Øm De Mulder at 2017-07-14 10:53:54 +0200 


%% Saved with string encoding Unicode (UTF-8) 



@inproceedings{demulder2017ica,
	Address = {Qu{\'e}bec, Canada},
	Author = {\textbf{De Mulder, C.} and Rehman, U. and Audenaert, W. and Amerlinck, Y. and Flameling, T. and Weijers, S. and Nopens, I.},
	Booktitle = {Proceedings of the 12$^{th}$ IWA Specialized Conference on Instrumentation, Control and Automation},
	Date-Added = {2017-07-14 08:46:40 +0000},
	Date-Modified = {2017-07-14 08:53:13 +0000},
	Title = {Sensor location in {WRRF}s: easy change, big win},
	Year = {2017},
	Bdsk-Url-1 = {https://www.researchgate.net/publication/317662589_Sensor_location_in_WRRFs_easy_change_big_win}}

@inproceedings{demulder2017,
	Address = {Palermo, Italy},
	Author = {\textbf{De Mulder, C.} and Flameling, T. and Langeveld, J. and Amerlinck, Y. and Weijers, S. and Nopens, I.},
	Booktitle = {Proceedings of the Frontiers International Conference on Wastewater Treatment},
	Date-Added = {2017-07-14 08:41:33 +0000},
	Date-Modified = {2017-07-14 08:52:51 +0000},
	Title = {Automating the raw data to model input process using flexible open source tools},
	Year = {2017}}

@article{Demulder2016,
	Author = {\textbf{De Mulder, C.} and Van Hoey, S. and Van Hulle, S. and Agathos, S.N. and Cauwenberg, P. and Mergen, P. and Seuntjens, P. and Smets, I. and De Gueldre, G. and Mouton, A. and Schowanek, D. and Meesschaert, B. and Verstraete, W. and Nopens, I.},
	Date-Added = {2017-01-02 14:23:09 +0000},
	Date-Modified = {2017-07-14 08:38:16 +0000},
	Journal = {Sustainability of Water Quality and Ecology},
	Keywords = {legislation, education, informatics, industry, water sector},
	Title = {Pressing topics in the Belgian water sector anno 2015},
	Year = {2016},
	Bdsk-File-1 = {YnBsaXN0MDDUAQIDBAUGJCVYJHZlcnNpb25YJG9iamVjdHNZJGFyY2hpdmVyVCR0b3ASAAGGoKgHCBMUFRYaIVUkbnVsbNMJCgsMDxJXTlMua2V5c1pOUy5vYmplY3RzViRjbGFzc6INDoACgAOiEBGABIAFgAdccmVsYXRpdmVQYXRoWWFsaWFzRGF0YV8QWy4uLy4uLy4uL0Rlc2t0b3AvRG9jdG9yYWF0L1BhcGVycy8yMDE1X0JJV0FOb2N0dXJuYWxQYXBlci8xLXMyLjAtUzIyMTI2MTM5MTYzMDAyMDQtbWFpbi5wZGbSFwsYGVdOUy5kYXRhTxECVgAAAAACVgACAAATU1NEIFNhbXN1bmcgODUwIFBybwAAAAAAAAAA0OiRbEgrAAAAqZy3HzEtczIuMC1TMjIxMjYxMzkxNjMjMUM2OUY5QS5wZGYAAAAAAAAAAAAAAAAAAAAAAAAAAAAAAAAAAAAAAAAAAAHGn5rTO8rVAAAAAAAAAAAAAwAFAAAJIAAAAAAAAAAAAAAAAAAAABcyMDE1X0JJV0FOb2N0dXJuYWxQYXBlcgAAEAAIAADQ6INcAAAAEQAIAADTO661AAAAAQAYAKmctwAN264ADdrrAA16iQANelwAAAAyAAIAflNTRCBTYW1zdW5nIDg1MCBQcm86VXNlcnM6AGNoYWltZGVtdWxkZXI6AERlc2t0b3A6AERvY3RvcmFhdDoAUGFwZXJzOgAyMDE1X0JJV0FOb2N0dXJuYWxQYXBlcjoAMS1zMi4wLVMyMjEyNjEzOTE2MyMxQzY5RjlBLnBkZgAOAEQAIQAxAC0AcwAyAC4AMAAtAFMAMgAyADEAMgA2ADEAMwA5ADEANgAzADAAMAAyADAANAAtAG0AYQBpAG4ALgBwAGQAZgAPACgAEwBTAFMARAAgAFMAYQBtAHMAdQBuAGcAIAA4ADUAMAAgAFAAcgBvABIAZlVzZXJzL2NoYWltZGVtdWxkZXIvRGVza3RvcC9Eb2N0b3JhYXQvUGFwZXJzLzIwMTVfQklXQU5vY3R1cm5hbFBhcGVyLzEtczIuMC1TMjIxMjYxMzkxNjMwMDIwNC1tYWluLnBkZgATAAEvAAAVAAIAFP//AACABtIbHB0eWiRjbGFzc25hbWVYJGNsYXNzZXNdTlNNdXRhYmxlRGF0YaMdHyBWTlNEYXRhWE5TT2JqZWN00hscIiNcTlNEaWN0aW9uYXJ5oiIgXxAPTlNLZXllZEFyY2hpdmVy0SYnVHJvb3SAAQAIABEAGgAjAC0AMgA3AEAARgBNAFUAYABnAGoAbABuAHEAcwB1AHcAhACOAOwA8QD5A1MDVQNaA2UDbgN8A4ADhwOQA5UDogOlA7cDugO/AAAAAAAAAgEAAAAAAAAAKAAAAAAAAAAAAAAAAAAAA8E=}}

@article{Seuntjens2016,
	Author = {Seuntjens, D. and Bundervoet, B.L.M. and Mollen, H. and \textbf{De Mulder, C.} and Wypkema, E. and Verliefde, A. and Nopens, I. and Colsen, J.G.M. and Vlaeminck, S.E.},
	Date-Added = {2016-02-21 15:03:47 +0000},
	Date-Modified = {2017-07-14 08:51:07 +0000},
	Journal = {Water Science and Technology},
	Title = {Energy efficient treatment of A-stage effluent: pilot-scale experiences with shortcut nitrogen removal},
	Year = {2016}}

@inproceedings{Seuntjens2015,
	Address = {Gdansk, Poland},
	Attachments = {http://biomath.ugent.be/internal_biomath/system/files/Energy_efficient_treatment_of.pdf},
	Author = {Seuntjens, D. and Bundervoet, B.L.M. and Mollen, H. and \textbf{De Mulder, C.} and Wypkema, E. and Verliefde, A. and Nopens, I. and Colsen, J.G.M. and Vlaeminck, S.E.},
	Booktitle = {{IWA} Nutrient removal and recovery conference, papers},
	Date-Added = {2015-05-06 07:31:30 +0000},
	Date-Modified = {2017-07-14 08:53:54 +0000},
	Journal = {IWA Nutrient Removal and Recovery 2015: moving innovation into practice},
	Title = {Energy efficient treatment of {A}-stage effluent: pilot-scale experiences with shortcut nitrogen removal},
	Year = {2015}}

@mastersthesis{DeMulder2014,
	Address = {Coupure Links 653, 9000 Gent},
	Author = {\textbf{De Mulder, C.}},
	Date-Added = {2015-04-27 15:14:19 +0000},
	Date-Modified = {2017-07-14 08:38:25 +0000},
	Keywords = {AOB, NOB, Monod kinetics, kinetic parameters},
	School = {Ghent University},
	Title = {The impact of intrinsic and extrinsic parameters on the oxygen kinetic parameters of Ammonia and Nitrite Oxidising Bacteria},
	Year = {2014},
	Bdsk-File-1 = {YnBsaXN0MDDUAQIDBAUGJCVYJHZlcnNpb25YJG9iamVjdHNZJGFyY2hpdmVyVCR0b3ASAAGGoKgHCBMUFRYaIVUkbnVsbNMJCgsMDxJXTlMua2V5c1pOUy5vYmplY3RzViRjbGFzc6INDoACgAOiEBGABIAFgAdccmVsYXRpdmVQYXRoWWFsaWFzRGF0YV8QOC4uLy4uLy4uL0Rlc2t0b3AvVGhlc2lzL1Rla3N0L01TY1RoZXNpc0NoYWltRGVNdWxkZXIucGRm0hcLGBlXTlMuZGF0YU8RAe4AAAAAAe4AAgAAE1NTRCBTYW1zdW5nIDg1MCBQcm8AAAAAAAAAANDokWxIKwAAAA4McBpNU2NUaGVzaXNDaGFpbURlTXVsZGVyLnBkZgAAAAAAAAAAAAAAAAAAAAAAAAAAAAAAAAAAAAAAAAAAAAAAAAAADhQazx6WxAAAAAAAAAAAAAMABAAACSAAAAAAAAAAAAAAAAAAAAAFVGVrc3QAABAACAAA0OiDXAAAABEACAAAzx6ItAAAAAEAFAAODHAADdrsAA16iQANelwAAAAyAAIAXFNTRCBTYW1zdW5nIDg1MCBQcm86VXNlcnM6AGNoYWltZGVtdWxkZXI6AERlc2t0b3A6AFRoZXNpczoAVGVrc3Q6AE1TY1RoZXNpc0NoYWltRGVNdWxkZXIucGRmAA4ANgAaAE0AUwBjAFQAaABlAHMAaQBzAEMAaABhAGkAbQBEAGUATQB1AGwAZABlAHIALgBwAGQAZgAPACgAEwBTAFMARAAgAFMAYQBtAHMAdQBuAGcAIAA4ADUAMAAgAFAAcgBvABIAQ1VzZXJzL2NoYWltZGVtdWxkZXIvRGVza3RvcC9UaGVzaXMvVGVrc3QvTVNjVGhlc2lzQ2hhaW1EZU11bGRlci5wZGYAABMAAS8AABUAAgAU//8AAIAG0hscHR5aJGNsYXNzbmFtZVgkY2xhc3Nlc11OU011dGFibGVEYXRhox0fIFZOU0RhdGFYTlNPYmplY3TSGxwiI1xOU0RpY3Rpb25hcnmiIiBfEA9OU0tleWVkQXJjaGl2ZXLRJidUcm9vdIABAAgAEQAaACMALQAyADcAQABGAE0AVQBgAGcAagBsAG4AcQBzAHUAdwCEAI4AyQDOANYCyALKAs8C2gLjAvEC9QL8AwUDCgMXAxoDLAMvAzQAAAAAAAACAQAAAAAAAAAoAAAAAAAAAAAAAAAAAAADNg==}}

@inproceedings{Rehman2015b,
	Address = {Gold Coast, Queensland, Australia},
	Author = {Rehman, U. and Amerlinck, Y. and Arnaldos, M. and Porro, J. and \textbf{De Mulder, C.} and Nopens, I.},
	Booktitle = {Watermatex, 9$^{th}$ IWA Symposium on system analysis and integrated water management},
	Date-Added = {2015-04-27 15:14:19 +0000},
	Date-Modified = {2017-07-14 08:37:46 +0000},
	Month = {June},
	Organization = {IWA},
	Title = {Computational fluid dynamic modeling of nitrous oxide in a full scale {WWTP}},
	Year = {2015}}

@inproceedings{Seuntjens2014,
	Address = {Ghent, Belgium},
	Author = {Seuntjens, D. and \textbf{De Mulder, C.} and De Clippeleir, H. and Murthy, S. and Li, Z. and Chandran, K. and Nopens, I. and Vlaeminck, S.E.},
	Booktitle = {ENC, 19$^{th}$ European Nitrogen Cycle Conference, Abstracts},
	Date-Added = {2015-04-27 15:14:19 +0000},
	Date-Modified = {2017-07-14 08:41:14 +0000},
	Month = {September},
	Title = {Investigating {AOB} and {NOB} kinetic parameters for oxygen under moderate climate wastewater conditions},
	Year = {2014},
	Bdsk-File-1 = {YnBsaXN0MDDUAQIDBAUGJCVYJHZlcnNpb25YJG9iamVjdHNZJGFyY2hpdmVyVCR0b3ASAAGGoKgHCBMUFRYaIVUkbnVsbNMJCgsMDxJXTlMua2V5c1pOUy5vYmplY3RzViRjbGFzc6INDoACgAOiEBGABIAFgAdccmVsYXRpdmVQYXRoWWFsaWFzRGF0YV8QfC4uLy4uLy4uL0Rlc2t0b3AvRG9jdG9yYWF0L0xpdGVyYXR1cmUvV1dUL0FuYW1tb3g6Ti1yZW1vdmFsL0Fic3RyYWN0IG1haW5zdHJlYW0ga2luZXRpY3NfTml0cm9nZW4gQ3ljbGUgY29uZiBHaGVudC1maW5hbC5wZGbSFwsYGVdOUy5kYXRhTxECuAAAAAACuAACAAATU1NEIFNhbXN1bmcgODUwIFBybwAAAAAAAAAA0OiRbEgrAAAADgmkH0Fic3RyYWN0IG1haW5zdHJlYW0gayNFMDlERS5wZGYAAAAAAAAAAAAAAAAAAAAAAAAAAAAAAAAAAAAAAAAAAAAOCd7QWHTmUERGIE1TV0QAAwAGAAAJIAAAAAAAAAAAAAAAAAAAABFBbmFtbW94L04tcmVtb3ZhbAAAEAAIAADQ6INcAAAAEQAIAADQWFjGAAAAAQAcAA4JpAAOCMMADdutAA3a6wANeokADXpcAAAAMgACAIFTU0QgU2Ftc3VuZyA4NTAgUHJvOlVzZXJzOgBjaGFpbWRlbXVsZGVyOgBEZXNrdG9wOgBEb2N0b3JhYXQ6AExpdGVyYXR1cmU6AFdXVDoAQW5hbW1veC9OLXJlbW92YWw6AEFic3RyYWN0IG1haW5zdHJlYW0gayNFMDlERS5wZGYAAA4AggBAAEEAYgBzAHQAcgBhAGMAdAAgAG0AYQBpAG4AcwB0AHIAZQBhAG0AIABrAGkAbgBlAHQAaQBjAHMAXwBOAGkAdAByAG8AZwBlAG4AIABDAHkAYwBsAGUAIABjAG8AbgBmACAARwBoAGUAbgB0AC0AZgBpAG4AYQBsAC4AcABkAGYADwAoABMAUwBTAEQAIABTAGEAbQBzAHUAbgBnACAAOAA1ADAAIABQAHIAbwASAIdVc2Vycy9jaGFpbWRlbXVsZGVyL0Rlc2t0b3AvRG9jdG9yYWF0L0xpdGVyYXR1cmUvV1dUL0FuYW1tb3g6Ti1yZW1vdmFsL0Fic3RyYWN0IG1haW5zdHJlYW0ga2luZXRpY3NfTml0cm9nZW4gQ3ljbGUgY29uZiBHaGVudC1maW5hbC5wZGYAABMAAS8AABUAAgAU//8AAIAG0hscHR5aJGNsYXNzbmFtZVgkY2xhc3Nlc11OU011dGFibGVEYXRhox0fIFZOU0RhdGFYTlNPYmplY3TSGxwiI1xOU0RpY3Rpb25hcnmiIiBfEA9OU0tleWVkQXJjaGl2ZXLRJidUcm9vdIABAAgAEQAaACMALQAyADcAQABGAE0AVQBgAGcAagBsAG4AcQBzAHUAdwCEAI4BDQESARoD1gPYA90D6APxA/8EAwQKBBMEGAQlBCgEOgQ9BEIAAAAAAAACAQAAAAAAAAAoAAAAAAAAAAAAAAAAAAAERA==}}
